@article{postconditions,
author = {Benevides, Mario and Lima, Isaque},
year = {2017},
month = {09},
pages = {401-406},
title = {Action Models with Postconditions},
volume = {21},
journal = {Computacion y Sistemas},
doi = {10.13053/CyS-21-3-2808}
}
@inproceedings{Ditmarsch2007DynamicEL,
  title={Dynamic Epistemic Logic},
  author={H. V. Ditmarsch and W. Hoek and Barteld P. Kooi},
  year={2007}
}


@InProceedings{NetworkX,
  author =       {Aric A. Hagberg and Daniel A. Schult and Pieter J. Swart},
  title =        {Exploring Network Structure, Dynamics, and Function using NetworkX},
  booktitle =   {Proceedings of the 7th Python in Science Conference},
  pages =     {11 - 15},
  address = {Pasadena, CA USA},
  year =      {2008},
  editor =    {Ga\"el Varoquaux and Travis Vaught and Jarrod Millman},
}
@misc{Bisimulations,
  author        = {van Eijck, Jan},
  title         = {Lecture notes Logica voor AI: Bisimulations},
  year          = {2006},
  howpublished = {\url{https://staff.fnwi.uva.nl/d.j.n.vaneijck2/courses/lai0506/LAI11.pdf}}
}
@misc{partition,
  author = {Reid, John},
  title = {Equivalence partition (Python recipe)},
  howpublished = {\url{https://code.activestate.com/recipes/499354-equivalence-partition/}},
  year = {2007}
}